@article{Adam:2015sza,
      author         = "Adam, Jaroslav and others",
      title          = "{Transverse momentum dependence of D-meson production in Pb-Pb collisions at $ \sqrt{{\mathrm{s}}_{\mathrm{NN}}}=$ 2.76  TeV}",
      collaboration  = "ALICE",
      journal        = "JHEP",
      volume         = "03",
      year           = "2016",
      pages          = "081",
      doi            = "10.1007/JHEP03(2016)081",
      eprint         = "1509.06888",
      archivePrefix  = "arXiv",
      primaryClass   = "nucl-ex",
}



@article{Acharya:2019mgn,
      author         = "Acharya, Shreyasi and others",
      title          = "{Measurement of ${\rm D^0}$, ${\rm D^+}$, ${\rm D^{*+}}$ and ${{\rm D^+_s}}$ production in pp collisions at                        $\sqrt{{\textit s}}$~=~5.02~TeV with ALICE}",
      collaboration  = "ALICE",
      year           = "2019",
      eprint         = "1901.07979",
      archivePrefix  = "arXiv",
      primaryClass   = "nucl-ex",
      reportNumber   = "CERN-EP-2019-004",
      SLACcitation   = "%%CITATION = ARXIV:1901.07979;%%"
}


@article{Bruna:2016mgn,
	  title			 = "Analysis Note",
	  collaboration	 = "ALICE", 
	  url			 = "https://alice-notes.web.cern.ch/node/576"
}

@article{Sjostrand:2006za,
      author         = "Sjostrand, Torbjorn and Mrenna, Stephen and Skands, Peter",
      title          = "{PYTHIA 6.4 Physics and Manual}",
      journal        = "JHEP",
      volume         = "05",
      year           = "2006",
      pages          = "026",
      doi            = "10.1088/1126-6708/2006/05/026",
      eprint         = "hep-ph/0603175",
      archivePrefix  = "arXiv",
      primaryClass   = "hep-ph",
      reportNumber   = "FERMILAB-PUB-06-052-CD-T, LU-TP-06-13",
      SLACcitation   = "%%CITATION = HEP-PH/0603175;%%"
}

@inproceedings{Skands:2009zm,
      author         = "Skands, Peter Z.",
      title          = "{The Perugia Tunes}",
      booktitle      = "{Proceedings, 1st International Workshop on Multiple Partonic Interactions at the LHC (MPI08): Perugia, Italy, October 27-31, 2008}",
      year           = "2009",
      pages          = "284-297",
      eprint         = "0905.3418",
      archivePrefix  = "arXiv",
      primaryClass   = "hep-ph",
      reportNumber   = "FERMILAB-CONF-09-113-T",
      SLACcitation   = "%%CITATION = ARXIV:0905.3418;%%"
}
@article{Wang:1991hta,
      author         = "Wang, Xin-Nian and Gyulassy, Miklos",
      title          = "{HIJING: A Monte Carlo model for multiple jet production
                        in p p, p A and A A collisions}",
      journal        = "Phys. Rev.",
      volume         = "D44",
      year           = "1991",
      pages          = "3501-3516",
      doi            = "10.1103/PhysRevD.44.3501",
      reportNumber   = "LBL-31036",
      SLACcitation   = "%%CITATION = PHRVA,D44,3501;%%"
}
@article{DBLP:journals/corr/ChenG16,
  author    = {Tianqi Chen and
               Carlos Guestrin},
  title     = {XGBoost: {A} Scalable Tree Boosting System},
  journal   = {CoRR},
  volume    = {abs/1603.02754},
  year      = {2016},
  url       = {http://arxiv.org/abs/1603.02754},
  archivePrefix = {arXiv},
  eprint    = {1603.02754},
  timestamp = {Mon, 13 Aug 2018 16:47:00 +0200},
  biburl    = {https://dblp.org/rec/bib/journals/corr/ChenG16},
  bibsource = {dblp computer science bibliography, https://dblp.org}
}
@online{Kaggle,
  author = {Kaggle Inc.},
  title = {Kaggle home page},
  year = 2018,
  url = {https://www.kaggle.com/},
  urldate = {2018-09-28}
}
@online{MLHEP,
  author = {Various authors},
  title = {Repository page},
  year = 2019,
  url = {https://github.com/ginnocen/MachineLearningHEP},
  urldate = {2019-09-12}
}

@online{XGBdoc,
  author = {Vv. Aa.},
  title = {XGBoost Parameter Documentation},
  year = 2018,
  url = {https://xgboost.readthedocs.io/en/latest/parameter.html},
  urldate = {2019-09-12}
}

@online{XGBdefault,
  author = {Vv. Aa.},
  title = {XGBoost Parameter Default},
  year = 2018,
  url = {https://xgboost.readthedocs.io/en/latest/python/python_api.html#xgboost.XGBClassifier},
  urldate = {2019-09-12}
}

@book{stat_learn,
  added-at = {2008-05-16T16:17:42.000+0200},
  address = {New York, NY, USA},
  author = {Hastie, Trevor and Tibshirani, Robert and Friedman, Jerome},
  biburl = {https://www.bibsonomy.org/bibtex/2f58afc5c9793fcc8ad8389824e57984c/sb3000},
  interhash = {d585aea274f2b9b228fc1629bc273644},
  intrahash = {f58afc5c9793fcc8ad8389824e57984c},
  keywords = {ml statistics},
  publisher = {Springer New York Inc.},
  series = {Springer Series in Statistics},
  timestamp = {2008-05-16T16:17:43.000+0200},
  title = {The Elements of Statistical Learning},
  year = 2001
}
